<record><leader>00000cas a22000007a 4500</leader><controlfield tag="001">20777803</controlfield><controlfield tag="008">891213d193219uupr wr ne      0    0spa d</controlfield><datafield ind1=" " ind2=" " tag="010"><subfield code="a">sn 89078420 </subfield></datafield><datafield ind1=" " ind2=" " tag="040"><subfield code="a">PNN</subfield><subfield code="b">eng</subfield><subfield code="c">PNN</subfield><subfield code="d">OCLCQ</subfield></datafield><datafield ind1=" " ind2=" " tag="042"><subfield code="a">msc</subfield></datafield><datafield ind1="0" ind2="0" tag="245"><subfield code="a">Atalaya.</subfield></datafield><datafield ind1=" " ind2=" " tag="260"><subfield code="a">Arecibo, Pto. Rico :</subfield><subfield code="b">Imprenta Germinal</subfield></datafield><datafield ind1=" " ind2=" " tag="300"><subfield code="a">v.</subfield></datafield><datafield ind1=" " ind2=" " tag="310"><subfield code="a">Weekly</subfield></datafield><datafield ind1="0" ind2=" " tag="362"><subfield code="a">An&#771;o 1, nu&#769;m. 1 (9 de enero de 1932)-</subfield></datafield><datafield ind1=" " ind2=" " tag="500"><subfield code="a">&quot;Semanario poli&#769;tico, literario y de informacio&#769;n general.&quot;</subfield></datafield><datafield ind1=" " ind2=" " tag="752"><subfield code="a">United States</subfield><subfield code="b">Puerto Rico</subfield><subfield code="d">Arecibo.</subfield></datafield></record>